<?xml version="1.0" encoding="UTF-8"?>
<record xmlns="http://www.loc.gov/MARC21/slim">
   <leader>01453cam a22003255  4500</leader>
   <controlfield tag="001">2788231</controlfield>
   <controlfield tag="003">NjP</controlfield>
   <controlfield tag="005">20190705144929.0</controlfield>
   <controlfield tag="008">991122s1953    sy a          000 0 ara d</controlfield>
   <datafield tag="024" ind1="7" ind2=" ">
      <subfield code="a">princeton_aco004958</subfield>
      <subfield code="2">local</subfield>
   </datafield>
   <datafield ind1=" " ind2=" " tag="035">
      <subfield code="9">CNJ7268TS</subfield>
   </datafield>
   <datafield ind1=" " ind2=" " tag="035">
      <subfield code="a">(NjP)2788231</subfield>
   </datafield>
   <datafield ind1=" " ind2=" " tag="040">
      <subfield code="a">PUL</subfield>
      <subfield code="c">PUL</subfield>
      <subfield code="d">PUL</subfield>
   </datafield>
   <datafield ind1=" " ind2=" " tag="049">
      <subfield code="a">PULL</subfield>
   </datafield>
   <datafield ind1=" " ind2=" " tag="035">
      <subfield code="a">(OCoLC)ocm42866866</subfield>
   </datafield>
   <datafield ind1="1" ind2=" " tag="100">
      <subfield code="6">880-01</subfield>
      <subfield code="a">Munajjid, Ṣalāḥ al-Dīn,</subfield>
      <subfield code="e">comp.</subfield>
   </datafield>
   <datafield ind1="0" ind2="0" tag="245">
      <subfield code="6">880-02</subfield>
      <subfield code="a">Ḥarīq al-jāmiʻ al-Umawī ayyāma al-ʻUthmānīyīn;</subfield>
      <subfield code="b">nuṣūṣ tārīkhīyah ...</subfield>
   </datafield>
   <datafield ind1="0" ind2=" " tag="246">
      <subfield code="i">Added cover-title:</subfield>
      <subfield code="a">Textes inedits concernant les incendies de la mosquée omayyade de Damas à l'epoque ottomane</subfield>
   </datafield>
   <datafield ind1=" " ind2=" " tag="260">
      <subfield code="a">Damascus,</subfield>
      <subfield code="c">1953.</subfield>
   </datafield>
   <datafield ind1=" " ind2=" " tag="300">
      <subfield code="a">14 p.</subfield>
      <subfield code="b">illus.</subfield>
      <subfield code="c">25 cm.</subfield>
   </datafield>
   <datafield ind1="0" ind2=" " tag="490">
      <subfield code="6">880-03</subfield>
      <subfield code="a">al-Nuṣūṣ al-āthārīyah al-mutaʻalliqah bi-Dimashq,</subfield>
      <subfield code="v">5</subfield>
   </datafield>
   <datafield ind1=" " ind2=" " tag="546">
      <subfield code="a">In Arabic.</subfield>
   </datafield>
   <datafield ind1="2" ind2="0" tag="610">
      <subfield code="6">880-04</subfield>
      <subfield code="a">Jāmiʻ al-Umawī al-Kabīr (Damascus, Syria)</subfield>
      <subfield code="0">http://id.loc.gov/authorities/names/nr90002827</subfield>
   </datafield>
   <datafield ind1="1" ind2=" " tag="880">
      <subfield code="6">100-01/r</subfield>
      <subfield code="a">منجد، صلاح الدين،</subfield>
      <subfield code="e">comp.</subfield>
   </datafield>
   <datafield ind1="0" ind2="0" tag="880">
      <subfield code="6">245-02/r</subfield>
      <subfield code="a">حريق الجامع الاموي ايام العثمانيين؛</subfield>
      <subfield code="b">نصوص تاريخية ...</subfield>
   </datafield>
   <datafield ind1="0" ind2=" " tag="880">
      <subfield code="6">490-03/r</subfield>
      <subfield code="a">النصوص الاثارية المتعلقة بدمشق،</subfield>
      <subfield code="v">5</subfield>
   </datafield>
   <datafield ind1="2" ind2="0" tag="880">
      <subfield code="6">610-04/r</subfield>
      <subfield code="a">جامع الاموي الكبير (دمشق، سورية)</subfield>
   </datafield>
   <datafield ind1=" " ind2=" " tag="911">
      <subfield code="a">20000130</subfield>
   </datafield>
   <datafield ind1=" " ind2=" " tag="994">
      <subfield code="a">C0</subfield>
      <subfield code="b">PUL</subfield>
   </datafield>
   <datafield ind1=" " ind2=" " tag="999">
      <subfield code="a">2788231</subfield>
   </datafield>
   <datafield ind1=" " ind2=" " tag="979">
      <subfield code="a">(OCoLC)ocn178697105</subfield>
   </datafield>
   <datafield ind1="0" ind2="0" tag="852">
      <subfield code="0">3099195</subfield>
      <subfield code="b">nec</subfield>
      <subfield code="t">1</subfield>
      <subfield code="h">NA5989.7.D36</subfield>
      <subfield code="i">M863 1953</subfield>
   </datafield>
   <datafield ind1=" " ind2=" " tag="959">
      <subfield code="a">2009-06-30 16:51:45 -0400</subfield>
   </datafield>
</record>
